\begin{thebibliography}{99}
@preamble{ " \newcommand{\noop}[1]{} " } % a do-nothing command that serves a purpose

@article{HOU20133,
	title = "From model-based control to data-driven control: Survey, classification and perspective",
	journal = "Information Sciences",
	volume = "235",
	pages = "3 - 35",
	year = "2013",
	note = "Data-based Control, Decision, Scheduling and Fault Diagnostics",
	issn = "0020-0255",
	doi = "https://doi.org/10.1016/j.ins.2012.07.014",
	url = "http://www.sciencedirect.com/science/article/pii/S0020025512004781",
	author = "Zhong-Sheng Hou and Zhuo Wang",
	keywords = "Data-driven control, Data-based control, Survey, Classification, Perspective"
}

@article{CAMPI20021337,
	title = "Virtual reference feedback tuning: a direct method for the design of feedback controllers",
	journal = "Automatica",
	volume = "38",
	number = "8",
	pages = "1337 - 1346",
	year = "2002",
	issn = "0005-1098",
	doi = "https://doi.org/10.1016/S0005-1098(02)00032-8",
	url = "http://www.sciencedirect.com/science/article/pii/S0005109802000328",
	author = "M.C. Campi and A. Lecchini and S.M. Savaresi",
	keywords = "Data-based controller design, Direct control, PID tuning"
}

@ARTICLE{7932940,
	author={D. Piga and S. Formentin and A. Bemporad},
	journal={IEEE Transactions on Control Systems Technology},
	title={Direct Data-Driven Control of Constrained Systems},
	year={2017},
	volume={PP},
	number={99},
	pages={1-8},
	keywords={Bandwidth;Control design;Data models;Linear systems;Mathematical model;Predictive models;Constrained control;data-driven control;linear parameter-varying (LPV) systems;model predictive control.},
	doi={10.1109/TCST.2017.2702118},
	ISSN={1063-6536},
	month={},}

@InProceedings{10.1007/BFb0109870,
	author="Bemporad, Alberto
	and Morari, Manfred",
	editor="Garulli, A.
	and Tesi, A.",
	title="Robust model predictive control: A survey",
	booktitle="Robustness in identification and control",
	year="1999",
	publisher="Springer London",
	address="London",
	pages="207--226",
	abstract="This paper gives an overview of robustness in Model Predictive Control (MPC). After reviewing the basic concepts of MPC, we survey the uncertainty descriptions considered in the MPC literature, and the techniques proposed for robust constraint handling, stability, and performance. The key concept of ``closedloop prediction'' is discussed at length. The paper concludes with some comments on future research directions.",
	isbn="978-1-84628-538-7"
}

@article{GARONE2017306,
	title = "Reference and command governors for systems with constraints: A survey on theory and applications",
	journal = "Automatica",
	volume = "75",
	pages = "306 - 328",
	year = "2017",
	issn = "0005-1098",
	doi = "https://doi.org/10.1016/j.automatica.2016.08.013",
	url = "http://www.sciencedirect.com/science/article/pii/S0005109816303715",
	author = "Emanuele Garone and Stefano Di Cairano and Ilya Kolmanovsky",
	keywords = "Constraints, Constraint satisfaction problems, Model based control, Predictive control, Control applications, Aerospace control, Automotive control"
}

@INPROCEEDINGS{7330793,
	author={A. Mohammadi and M. Diehl and M. Zanon},
	booktitle={2015 European Control Conference (ECC)},
	title={Estimation of uncertain ARX models with ellipsoidal parameter variability},
	year={2015},
	volume={},
	number={},
	pages={1766-1771},
	keywords={autoregressive processes;convex programming;least squares approximations;linear matrix inequalities;parameter estimation;robust control;simulation;time-varying systems;uncertain systems;LMI;LSQ method;convex cost function;ellipsoidal parameter variability;least squares method;linear autoregressive exogenous model;linear matrix inequality;parameter estimation;robust control techniques;simulation;time-varying parameters;uncertain ARX models;Ellipsoids;Estimation;Mathematical model;Noise measurement;Numerical models;Predictive models;Time-varying systems;Least Squares Method;Linear ARX model;Parameter Estimation;Semi-Definite Programming;Variability},
	doi={10.1109/ECC.2015.7330793},
	ISSN={},
	month={July},}



@article {c3,
	author = {Tanner, Herbert G. and Kyriakopoulos, Kostas J. and Krikelis, N. J.},
	title = {Modeling of multiple mobile manipulators handling a common deformable object},
	journal = {Journal of Robotic Systems},
	volume = {15},
	number = {11},
	publisher = {Wiley Subscription Services, Inc., A Wiley Company},
	issn = {1097-4563},
	url = {http://dx.doi.org/10.1002/(SICI)1097-4563(199811)15:11<599::AID-ROB1>3.0.CO;2-O},
	doi = {10.1002/(SICI)1097-4563(199811)15:11<599::AID-ROB1>3.0.CO;2-O},
	pages = {599--623},
	year = {1998},
}


@INPROCEEDINGS{c4, 
	author={R. Ritz and R. D'Andrea}, 
	booktitle={2013 IEEE/RSJ International Conference on Intelligent Robots and Systems}, 
	title={Carrying a flexible payload with multiple flying vehicles}, 
	year={2013}, 
	volume={}, 
	number={}, 
	pages={3465-3471}, 
	keywords={autonomous aerial vehicles;deformation;helicopters;multi-robot systems;ETH Zurich flying machine arena;characteristic deformation modes;flexible payload;flexible structures;multiple attached flying vehicles;quadrocopters;structure pose;thin flexible ring;Current measurement;Payloads;Q measurement;Quaternions;Vectors;Vehicle dynamics;Vehicles}, 
	doi={10.1109/IROS.2013.6696850}, 
	ISSN={2153-0858}, 
	month={Nov},}

@ARTICLE{c5, 
	author={S. Liu and D. Sun and C. Zhu}, 
	journal={IEEE/ASME Transactions on Mechatronics}, 
	title={Coordinated Motion Planning for Multiple Mobile Robots Along Designed Paths With Formation Requirement}, 
	year={2011}, 
	volume={16}, 
	number={6}, 
	pages={1021-1031}, 
	keywords={acceleration control;collision avoidance;mobile robots;multi-robot systems;optimisation;path planning;velocity control;collision avoidance;coordinated motion planning;formation error;linear interactive optimizer;multiple mobile robot;robot velocity planning;velocity-acceleration constraint;velocity-optimization process;Collision avoidance;Mobile robots;Motion planning;Multirobot systems;Path planning;Robot kinematics;Robot sensing systems;Coordination;formations;motion planning;multiple mobile robots}, 
	doi={10.1109/TMECH.2010.2070843}, 
	ISSN={1083-4435}, 
	month={Dec},}

@article{c6,
	author = {Saska, Martin and Von\'{a}sek, Vojt\u{e}ch and Krajn\'{\i}k, Tom\'{a}\v{s} and P\v{r}eu\v{c}il, Libor},
	title = {Coordination and Navigation of Heterogeneous MAV-UGV Formations Localized by a 'Hawk-eye'-like Approach Under a Model Predictive Control Scheme},
	journal = {Int. J. Rob. Res.},
	issue_date = {September 2014},
	volume = {33},
	number = {10},
	month = sep,
	year = {2014},
	issn = {0278-3649},
	pages = {1393--1412},
	numpages = {20},
	url = {http://dx.doi.org/10.1177/0278364914530482},
	doi = {10.1177/0278364914530482},
	acmid = {2674184},
	publisher = {Sage Publications, Inc.},
	address = {Thousand Oaks, CA, USA},
	keywords = {Formation control, model predictive control, obstacle avoidance, receding horizon control, trajectory planning, unmanned aerial vehicles, unmanned ground vehicles},
} 

@booklet{c7,
	author = {Boyd,Stephen and Xiao,Lin and Mutapcic,Almir},
	title = {Notes on Decomposition Methods},
	year = {2003},
	month = {October},
}

@INPROCEEDINGS{c8, 
	author={R. L. Raffard and C. J. Tomlin and S. P. Boyd}, 
	booktitle={2004 43rd IEEE Conference on Decision and Control (CDC) (IEEE Cat. No.04CH37601)}, 
	title={Distributed optimization for cooperative agents: application to formation flight}, 
	year={2004}, 
	volume={3}, 
	number={}, 
	pages={2453-2459 Vol.3}, 
	keywords={aerospace control;computational complexity;cooperative systems;multivariable systems;optimisation;artificially decomposed version;computationally intractable problem;convex examples;cooperative agents;decentralized algorithm;distributed optimization;dual decomposition techniques;formation flight;global optimum;nonconvex examples;optimization problems;Control systems;Distributed control;Iterative algorithms;Large-scale systems;Power system control;Power system stability;Power systems;Sensor systems;Upper bound;Vehicles}, 
	doi={10.1109/CDC.2004.1428778}, 
	ISSN={0191-2216}, 
	month={Dec},}

@article{c10,
	author = {Johansson, Bj\"{o}rn and Speranzon, Alberto and Johansson, Mikael and Johansson, Karl Henrik},
	title = {On Decentralized Negotiation of Optimal Consensus},
	journal = {Automatica},
	issue_date = {April, 2008},
	volume = {44},
	number = {4},
	month = apr,
	year = {2008},
	issn = {0005-1098},
	pages = {1175--1179},
	numpages = {5},
	url = {http://dx.doi.org/10.1016/j.automatica.2007.09.003},
	doi = {10.1016/j.automatica.2007.09.003},
	acmid = {1355135},
	publisher = {Pergamon Press, Inc.},
	address = {Tarrytown, NY, USA},
	keywords = {Consensus, Convex optimization, Decentralized optimization, Model predictive control, Optimal trajectory planning},
} 

@INPROCEEDINGS{c11, 
	author={P. Giselsson and A. Rantzer}, 
	booktitle={49th IEEE Conference on Decision and Control (CDC)}, 
	title={Distributed Model Predictive Control with suboptimality and stability guarantees}, 
	year={2010}, 
	volume={}, 
	number={}, 
	pages={7272-7277}, 
	keywords={asymptotic stability;convex programming;distributed parameter systems;interconnected systems;predictive control;asymptotic stability;closed loop suboptimality;convex optimization problem;distributed model predictive control;dual decomposition;interconnected system;stopping criterion;Asymptotic stability;Dynamic programming;Optimization;Predictive models;Stability criteria;Upper bound}, 
	doi={10.1109/CDC.2010.5717026}, 
	ISSN={0191-2216}, 
	month={Dec},}

@Inbook{c12,
	author="Farokhi, F.
	and Shames, I.
	and Johansson, K. H.",
	editor="Maestre, Jos{\'e} M.
	and Negenborn, Rudy R.",
	title="Distributed MPC Via Dual Decomposition and Alternative Direction Method of Multipliers",
	bookTitle="Distributed Model Predictive Control Made Easy",
	year="2014",
	publisher="Springer Netherlands",
	address="Dordrecht",
	pages="115--131",
	isbn="978-94-007-7006-5",
	doi="10.1007/978-94-007-7006-5_7",
	url="https://doi.org/10.1007/978-94-007-7006-5_7"
}


@INPROCEEDINGS{c13, 
	author={T. H. Summers and J. Lygeros}, 
	booktitle={2012 50th Annual Allerton Conference on Communication, Control, and Computing (Allerton)}, 
	title={Distributed model predictive consensus via the Alternating Direction Method of Multipliers}, 
	year={2012}, 
	volume={}, 
	number={}, 
	pages={79-84}, 
	keywords={closed loop systems;control system synthesis;distributed control;iterative methods;multi-agent systems;nonlinear dynamical systems;optimisation;predictive control;ADMM;alternating direction method of multiplier;augmented Lagrangian method;closed loop performance;code generation technique;coupled objective function;distributed computing platform;distributed controller design;distributed model predictive consensus problem;distributed optimization method;dynamical network system;integrators;iterative method;position consensus;velocity consensus;Convergence;Cost function;Couplings;Predictive control;Predictive models;Stability analysis}, 
	doi={10.1109/Allerton.2012.6483202}, 
	ISSN={}, 
	month={Oct},}

@article{c14,
	author = {Boyd, Stephen and Parikh, Neal and Chu, Eric and Peleato, Borja and Eckstein, Jonathan},
	title = {Distributed Optimization and Statistical Learning via the Alternating Direction Method of Multipliers},
	journal = {Found. Trends Mach. Learn.},
	issue_date = {January 2011},
	volume = {3},
	number = {1},
	month = jan,
	year = {2011},
	issn = {1935-8237},
	pages = {1--122},
	numpages = {122},
	url = {http://dx.doi.org/10.1561/2200000016},
	doi = {10.1561/2200000016},
	acmid = {2185816},
	publisher = {Now Publishers Inc.},
	address = {Hanover, MA, USA},
} 


@ARTICLE{c15, 
	author={T. Mercy and R. Van Parys and G. Pipeleers}, 
	journal={IEEE Transactions on Control Systems Technology}, 
	title={Spline-Based Motion Planning for Autonomous Guided Vehicles in a Dynamic Environment}, 
	year={2017}, 
	volume={PP}, 
	number={99}, 
	pages={1-8}, 
	keywords={Dynamics;Kinematics;Planning;Splines (mathematics);Trajectory;Vehicle dynamics;Wheels;Autonomous vehicles;motion control;optimal control;splines;trajectory optimization.}, 
	doi={10.1109/TCST.2017.2739706}, 
	ISSN={1063-6536}, 
	month={},}

@article{c16,
	title = "Distributed MPC for multi-vehicle systems moving in formation",
	journal = "Robotics and Autonomous Systems",
	volume = "97",
	number = "Supplement C",
	pages = "144 - 152",
	year = "2017",
	issn = "0921-8890",
	doi = "https://doi.org/10.1016/j.robot.2017.08.009",
	url = "http://www.sciencedirect.com/science/article/pii/S0921889016308387",
	author = "Ruben Van Parys and Goele Pipeleers",
	keywords = "Distributed model predictive control (DMPC), Nonholonomic multi-vehicle system, Alternating Direction Method of Multipliers (ADMM), B-spline"
}

@article{c17,
	title={On the implementation of an interior-point filter line-search algorithm for large-scale nonlinear programming},
	author={W{\"a}chter, Andreas and Biegler, Lorenz T},
	journal={Mathematical programming},
	volume={106},
	number={1},
	pages={25--57},
	year={2006},
	publisher={Springer}
}

@phdthesis{c18,
  title={A general-purpose software framework for dynamic optimization},
  author={Andersson, Joel},
  year={2013},
  school={Arenberg Doctoral School, KU Leuven, Department of Electrical Engineering (ESAT/SCD) and Optimization in Engineering Center, Kasteelpark Arenberg 10, 3001-Heverlee, Belgium}
}

\end{thebibliography}